<?xml version="1.0" encoding="UTF-8"?>
  <record xmlns="http://www.loc.gov/MARC21/slim" type="Authority">
    <leader>00000nz  a2200000nc 4500</leader>
    <controlfield tag="001">10093949X</controlfield>
    <controlfield tag="003">DE-101</controlfield>
    <controlfield tag="005">20220310173909.0</controlfield>
    <controlfield tag="008">910104n||azznnaabn           | aaa    |c</controlfield>
    <datafield tag="024" ind1="7" ind2=" ">
      <subfield code="a">10093949X</subfield>
      <subfield code="0">http://d-nb.info/gnd/10093949X</subfield>
      <subfield code="2">gnd</subfield>
    </datafield>
    <datafield tag="035" ind1=" " ind2=" ">
      <subfield code="a">(DE-101)10093949X</subfield>
    </datafield>
    <datafield tag="035" ind1=" " ind2=" ">
      <subfield code="a">(DE-588)10093949X</subfield>
    </datafield>
    <datafield tag="035" ind1=" " ind2=" ">
      <subfield code="z">(DE-588a)10093949X</subfield>
      <subfield code="9">v:zg</subfield>
    </datafield>
    <datafield tag="035" ind1=" " ind2=" ">
      <subfield code="z">(DE-588c)7591171-1</subfield>
      <subfield code="9">v:zg</subfield>
    </datafield>
    <datafield tag="040" ind1=" " ind2=" ">
      <subfield code="a">DE-12</subfield>
      <subfield code="c">DE-12</subfield>
      <subfield code="9">r:DE-12</subfield>
      <subfield code="b">ger</subfield>
      <subfield code="d">9999</subfield>
    </datafield>
    <datafield tag="042" ind1=" " ind2=" ">
      <subfield code="a">gnd1</subfield>
    </datafield>
    <datafield tag="043" ind1=" " ind2=" ">
      <subfield code="c">XU</subfield>
    </datafield>
    <datafield tag="065" ind1=" " ind2=" ">
      <subfield code="a">7.14p</subfield>
      <subfield code="2">sswd</subfield>
    </datafield>
    <datafield tag="075" ind1=" " ind2=" ">
      <subfield code="b">p</subfield>
      <subfield code="2">gndgen</subfield>
    </datafield>
    <datafield tag="075" ind1=" " ind2=" ">
      <subfield code="b">piz</subfield>
      <subfield code="2">gndspec</subfield>
    </datafield>
    <datafield tag="079" ind1=" " ind2=" ">
      <subfield code="a">g</subfield>
      <subfield code="q">f</subfield>
      <subfield code="q">n</subfield>
      <subfield code="q">a</subfield>
      <subfield code="q">s</subfield>
      <subfield code="u">v</subfield>
      <subfield code="u">o</subfield>
    </datafield>
    <datafield tag="100" ind1="0" ind2=" ">
      <subfield code="a">Constantinus</subfield>
      <subfield code="c">Harmenopulus</subfield>
      <subfield code="d">1320-1380</subfield>
    </datafield>
    <datafield tag="375" ind1=" " ind2=" ">
      <subfield code="a">1</subfield>
      <subfield code="2">iso5218</subfield>
    </datafield>
    <datafield tag="400" ind1="1" ind2=" ">
      <subfield code="a">Armenopoulos, Konstantinos</subfield>
      <subfield code="d">1320-1380</subfield>
      <subfield code="9">v:B 2006 (online)</subfield>
    </datafield>
    <datafield tag="400" ind1="1" ind2=" ">
      <subfield code="a">Armenopulos, Konstantinos</subfield>
      <subfield code="d">1320-1380</subfield>
    </datafield>
    <datafield tag="400" ind1="0" ind2=" ">
      <subfield code="a">Konstantinos</subfield>
      <subfield code="c">Armenopulos</subfield>
      <subfield code="d">1320-1380</subfield>
    </datafield>
    <datafield tag="400" ind1="0" ind2=" ">
      <subfield code="a">Constantin</subfield>
      <subfield code="c">Harménopule</subfield>
      <subfield code="d">1320-1380</subfield>
    </datafield>
    <datafield tag="400" ind1="0" ind2=" ">
      <subfield code="a">Constantinus</subfield>
      <subfield code="c">Iudex</subfield>
      <subfield code="d">1320-1380</subfield>
    </datafield>
    <datafield tag="400" ind1="0" ind2=" ">
      <subfield code="a">Costantino</subfield>
      <subfield code="c">Armenopulo</subfield>
      <subfield code="d">1320-1380</subfield>
    </datafield>
    <datafield tag="400" ind1="0" ind2=" ">
      <subfield code="a">Kōnstantinos</subfield>
      <subfield code="c">ho Harmenopulos</subfield>
      <subfield code="d">1320-1380</subfield>
    </datafield>
    <datafield tag="400" ind1="1" ind2=" ">
      <subfield code="a">Harmenopoulos, Constantine</subfield>
      <subfield code="d">1320-1380</subfield>
    </datafield>
    <datafield tag="400" ind1="1" ind2=" ">
      <subfield code="a">Harmenopoulos, George</subfield>
      <subfield code="d">1320-1380</subfield>
    </datafield>
    <datafield tag="400" ind1="1" ind2=" ">
      <subfield code="a">Harmenopoulos, Constantin</subfield>
      <subfield code="d">1320-1380</subfield>
    </datafield>
    <datafield tag="400" ind1="1" ind2=" ">
      <subfield code="a">Harmenopulus, Constantin</subfield>
      <subfield code="d">1320-1380</subfield>
    </datafield>
    <datafield tag="400" ind1="1" ind2=" ">
      <subfield code="a">Harmenopulus, Constantinos</subfield>
      <subfield code="d">1320-1380</subfield>
    </datafield>
    <datafield tag="400" ind1="1" ind2=" ">
      <subfield code="a">Harmenopulos, Kōnstantinos</subfield>
      <subfield code="d">1320-1380</subfield>
    </datafield>
    <datafield tag="400" ind1="1" ind2=" ">
      <subfield code="a">Harmenopulus, Constantinus</subfield>
      <subfield code="d">1320-1380</subfield>
    </datafield>
    <datafield tag="400" ind1="1" ind2=" ">
      <subfield code="a">Hermenopulus, Constantinus</subfield>
      <subfield code="d">1320-1380</subfield>
    </datafield>
    <datafield tag="400" ind1="0" ind2=" ">
      <subfield code="a">Constantinus Harmenopulus</subfield>
      <subfield code="d">1320-1380</subfield>
      <subfield code="9">v:(VD-16)</subfield>
    </datafield>
    <datafield tag="400" ind1="1" ind2=" ">
      <subfield code="a">Harmanopulus, Constantinus</subfield>
      <subfield code="d">1320-1380</subfield>
    </datafield>
    <datafield tag="400" ind1="0" ind2=" ">
      <subfield code="a">Kōnstantinos</subfield>
      <subfield code="c">Harmenopulos</subfield>
      <subfield code="d">1320-1380</subfield>
    </datafield>
    <datafield tag="400" ind1="0" ind2=" ">
      <subfield code="a">Kōnstantinus</subfield>
      <subfield code="c">Armenopulus</subfield>
      <subfield code="d">1320-1380</subfield>
    </datafield>
    <datafield tag="400" ind1="0" ind2=" ">
      <subfield code="a">Kōnstantinos</subfield>
      <subfield code="c">Armenopulos</subfield>
      <subfield code="d">1320-1380</subfield>
    </datafield>
    <datafield tag="400" ind1="0" ind2=" ">
      <subfield code="a">Konstantin</subfield>
      <subfield code="c">Harmenopulos</subfield>
      <subfield code="d">1320-1380</subfield>
    </datafield>
    <datafield tag="400" ind1="0" ind2=" ">
      <subfield code="a">Konstantinos</subfield>
      <subfield code="c">Harmenopulos</subfield>
      <subfield code="d">1320-1380</subfield>
    </datafield>
    <datafield tag="400" ind1="0" ind2=" ">
      <subfield code="a">Constantinus</subfield>
      <subfield code="c">Nomophylax</subfield>
      <subfield code="d">1320-1380</subfield>
    </datafield>
    <datafield tag="400" ind1="0" ind2=" ">
      <subfield code="a">Constantinus</subfield>
      <subfield code="c">Thessalonicensis</subfield>
      <subfield code="d">1320-1380</subfield>
    </datafield>
    <datafield tag="400" ind1="1" ind2=" ">
      <subfield code="a">Harmenopulos, Konstantinos</subfield>
      <subfield code="d">1320-1380</subfield>
    </datafield>
    <datafield tag="400" ind1="1" ind2=" ">
      <subfield code="a">Harmenopoulos, Konstantinos</subfield>
      <subfield code="d">1320-1380</subfield>
    </datafield>
    <datafield tag="400" ind1="1" ind2=" ">
      <subfield code="a">Harmenopulus, Konstantin</subfield>
      <subfield code="d">1320-1380</subfield>
    </datafield>
    <datafield tag="400" ind1="1" ind2=" ">
      <subfield code="a">Harmenopvlvs, Constantinvs</subfield>
      <subfield code="d">1320-1380</subfield>
    </datafield>
    <datafield tag="400" ind1="1" ind2=" ">
      <subfield code="a">Hermenopulis, Constantinus</subfield>
      <subfield code="d">1320-1380</subfield>
    </datafield>
    <datafield tag="500" ind1="1" ind2=" ">
      <subfield code="a">Gobler, Justin</subfield>
      <subfield code="4">beza</subfield>
      <subfield code="4">https://d-nb.info/standards/elementset/gnd#acquaintanceshipOrFriendship</subfield>
      <subfield code="w">r</subfield>
      <subfield code="i">Bekanntschaft</subfield>
      <subfield code="e">Bekanntschaft</subfield>
      <subfield code="9">v:VD-16 Mitverf.</subfield>
    </datafield>
    <datafield tag="500" ind1="1" ind2=" ">
      <subfield code="0">(DE-101)11980316X</subfield>
      <subfield code="0">(DE-588)11980316X</subfield>
      <subfield code="0">https://d-nb.info/gnd/11980316X</subfield>
      <subfield code="a">Rey, Bernhard &#152;von&#156;</subfield>
      <subfield code="4">beza</subfield>
      <subfield code="4">https://d-nb.info/standards/elementset/gnd#acquaintanceshipOrFriendship</subfield>
      <subfield code="w">r</subfield>
      <subfield code="i">Bekanntschaft</subfield>
      <subfield code="e">Bekanntschaft</subfield>
      <subfield code="9">v:VD-16 Mitverf.</subfield>
    </datafield>
    <datafield tag="500" ind1="1" ind2=" ">
      <subfield code="a">Gesner, Konrad</subfield>
      <subfield code="4">beza</subfield>
      <subfield code="4">https://d-nb.info/standards/elementset/gnd#acquaintanceshipOrFriendship</subfield>
      <subfield code="w">r</subfield>
      <subfield code="i">Bekanntschaft</subfield>
      <subfield code="e">Bekanntschaft</subfield>
      <subfield code="9">v:VD-16 Mitverf.</subfield>
    </datafield>
    <datafield tag="548" ind1=" " ind2=" ">
      <subfield code="a">1320-1380</subfield>
      <subfield code="4">datl</subfield>
      <subfield code="4">https://d-nb.info/standards/elementset/gnd#dateOfBirthAndDeath</subfield>
      <subfield code="w">r</subfield>
      <subfield code="i">Lebensdaten</subfield>
      <subfield code="9">v:nach B 2006 (online) Sterbejahr 1383</subfield>
    </datafield>
    <datafield tag="550" ind1=" " ind2=" ">
      <subfield code="0">(DE-101)040290506</subfield>
      <subfield code="0">(DE-588)4029050-5</subfield>
      <subfield code="0">https://d-nb.info/gnd/4029050-5</subfield>
      <subfield code="a">Jurist</subfield>
      <subfield code="4">berc</subfield>
      <subfield code="4">https://d-nb.info/standards/elementset/gnd#professionOrOccupation</subfield>
      <subfield code="w">r</subfield>
      <subfield code="i">Charakteristischer Beruf</subfield>
    </datafield>
    <datafield tag="550" ind1=" " ind2=" ">
      <subfield code="0">(DE-101)040499235</subfield>
      <subfield code="0">(DE-588)4049923-6</subfield>
      <subfield code="0">https://d-nb.info/gnd/4049923-6</subfield>
      <subfield code="a">Richter</subfield>
      <subfield code="4">beru</subfield>
      <subfield code="4">https://d-nb.info/standards/elementset/gnd#professionOrOccupation</subfield>
      <subfield code="w">r</subfield>
      <subfield code="i">Beruf</subfield>
    </datafield>
    <datafield tag="667" ind1=" " ind2=" ">
      <subfield code="a">12-PMA</subfield>
    </datafield>
    <datafield tag="667" ind1=" " ind2=" ">
      <subfield code="a">7</subfield>
    </datafield>
    <datafield tag="667" ind1=" " ind2=" ">
      <subfield code="a">12</subfield>
    </datafield>
    <datafield tag="667" ind1=" " ind2=" ">
      <subfield code="a">VD-17</subfield>
    </datafield>
    <datafield tag="667" ind1=" " ind2=" ">
      <subfield code="a">VD-16</subfield>
    </datafield>
    <datafield tag="670" ind1=" " ind2=" ">
      <subfield code="a">Tusculum-Lexikon; CSGL; LMA,V,1398</subfield>
    </datafield>
    <datafield tag="670" ind1=" " ind2=" ">
      <subfield code="a">PND, LCAuth</subfield>
    </datafield>
    <datafield tag="672" ind1=" " ind2="0">
      <subfield code="a">Constantinus &lt;Harmenopulus&gt;: A Manual of Byzantine law</subfield>
      <subfield code="f">1930</subfield>
    </datafield>
    <datafield tag="672" ind1=" " ind2="0">
      <subfield code="a">Constantinus &lt;Harmenopulus&gt;: Procheiron nomōn ... epitome iuris civilis quale legum Proc*</subfield>
      <subfield code="f">1540</subfield>
    </datafield>
    <datafield tag="672" ind1=" " ind2="0">
      <subfield code="a">Constantinus &lt;Harmenopulus&gt;: Procheiron nomōn to legomenon hē hexabiblos</subfield>
      <subfield code="f">1872</subfield>
    </datafield>
    <datafield tag="672" ind1=" " ind2="0">
      <subfield code="a">Harmenopulos, Kōnstantinos: De opinionibus haereticorum catalogus. -</subfield>
    </datafield>
    <datafield tag="672" ind1=" " ind2="0">
      <subfield code="a">Harmenopulos, Kōnstantinos: Fidei Confessio</subfield>
      <subfield code="f">1578</subfield>
    </datafield>
    <datafield tag="672" ind1=" " ind2="0">
      <subfield code="a">Harmenopulos, Kōnstantinos: Fidei orthodoxae professio</subfield>
      <subfield code="f">1676</subfield>
    </datafield>
    <datafield tag="672" ind1=" " ind2="0">
      <subfield code="a">Harmenopulos, Kōnstantinos: Epitome iuris civilis Constantini Hermenopuli</subfield>
      <subfield code="f">1547</subfield>
    </datafield>
    <datafield tag="672" ind1=" " ind2="0">
      <subfield code="a">Harmenopulos, Kōnstantinos: Epitome iuris civilis Constantini Hermenopuli</subfield>
      <subfield code="f">1549</subfield>
    </datafield>
    <datafield tag="672" ind1=" " ind2="0">
      <subfield code="a">Harmenopulos, Kōnstantinos: Legum Procheiron</subfield>
      <subfield code="f">1556</subfield>
    </datafield>
    <datafield tag="672" ind1=" " ind2="0">
      <subfield code="a">Harmenopulos, Kōnstantinos: Epitome iuris civilis ex libris pandectarum, codicis, instit*</subfield>
      <subfield code="f">1566</subfield>
    </datafield>
    <datafield tag="672" ind1=" " ind2="0">
      <subfield code="a">Constantinus Harmenopulus: EPITOME IVRIS CIVILIS CONSTANTINI HERMENOPV-LI, A BERNARDO A REY I.V.D. fideliter ... 1547. (VD16 C 4945)</subfield>
    </datafield>
    <datafield tag="672" ind1=" " ind2="0">
      <subfield code="a">Constantinus Harmenopulus: EPITOME IVRIS CIVILIS EX LIBRIS PANDECTARVM, CODICIS, INSTITVTIONVM, ET IVSTINIANI ... 1566. (VD16 C 4946)</subfield>
    </datafield>
    <datafield tag="672" ind1=" " ind2="0">
      <subfield code="a">Constantinus Harmenopulus: Handbuch Vnd außzug Kayserlicher vnd Buergerlicher Rechten Jn sechß vnderschiedliche ... 1576. (VD16 C 4949)</subfield>
    </datafield>
    <datafield tag="672" ind1=" " ind2="0">
      <subfield code="a">Constantinus Harmenopulus: Handbuch Vnd außzug Kayserlicher vnd Buergerlicher Rechten Jn sechsz vnterschiedliche ... 1564. (VD16 C 4947)</subfield>
    </datafield>
    <datafield tag="672" ind1=" " ind2="0">
      <subfield code="a">Constantinus Harmenopulus: Handbuch Vnd außzug Kayserlicher vnd Burgerlicher Rechten Jn sechß vnterschiedliche ... 1566. (VD16 C 4948)</subfield>
    </datafield>
    <datafield tag="672" ind1=" " ind2="0">
      <subfield code="a">Constantinus Harmenopulus: LEGVM PROCHEIRON CVM DELECTV AC COMPENDIO EX TOTO IVre collectum ac digestum, à ... 1556. (VD16 C 4950)</subfield>
    </datafield>
    <datafield tag="678" ind1=" " ind2=" ">
      <subfield code="b">Inhaber höchster richterlicher Ämter in Saloniki</subfield>
    </datafield>
    <datafield tag="700" ind1="1" ind2="4">
      <subfield code="a">Harmenopoulos, Kōnstantinos</subfield>
      <subfield code="d">1320-1380</subfield>
      <subfield code="9">v:d. 1380?</subfield>
    </datafield>
    <datafield tag="913" ind1=" " ind2=" ">
      <subfield code="S">pnd</subfield>
      <subfield code="i">5</subfield>
      <subfield code="a">Constantinus &lt;Harmenopulus&gt;</subfield>
      <subfield code="0">(DE-588a)10093949X</subfield>
    </datafield>
  </record>
